@misc{han2020actorcritic,
	title = {Actor-Critic Reinforcement Learning for Control with Stability Guarantee}, 
	author = {Minghao Han and Lixian Zhang and Jun Wang and Wei Pan},
	year = {2020},
	eprint = {2004.14288},
	archivePrefix = {arXiv},
	primaryClass = {cs.RO}
}
